
@phdthesis{stropeniPhdThesis,
  author       = {Beatrice Stropeni}, 
  title        = {Identificazione di smell architetturali in progetti Python},
  school       = {Università degli Studi Milano Bicocca},
  year         = 2020
}

@phdthesis{rotaPhdTdthesis,
  author       = {Alessandra Rota}, 
  title        = {Identificazione di architectural smells legati alle gerarchie di sistemi object oriented},
  school       = {Università degli Studi Milano Bicocca},
  year         = 2020
}

    
    
    



% Articles and books

@article{wikiPrecisionRecall,
  title={Evaluation: from precision, recall and F-measure to ROC, informedness, markedness and correlation},
  author={Martin, David and Powers},
  year={2011},
  publisher={Bioinfo Publications}
}

@inproceedings{Designite,
author = {Sharma, Tushar and Mishra, Pratibha and Tiwari, Rohit},
title = {Designite: A Software Design Quality Assessment Tool},
year = {2016},
isbn = {9781450341530},
publisher = {Association for Computing Machinery},
address = {New York, NY, USA},
url = {https://doi.org/10.1145/2896935.2896938},
doi = {10.1145/2896935.2896938},
booktitle = {Proceedings of the 1st International Workshop on Bringing Architectural Design Thinking into Developers’ Daily Activities},
pages = {1–4},
numpages = {4},
keywords = {DSM, design debt, design smells, refactoring, technical debt},
location = {Austin, Texas},
series = {BRIDGE ’16}
}

@article{martin2000design,
  title={Design principles and design patterns},
  author={Martin, Robert C.},
  journal={Object Mentor},
  volume={1},
  number={34},
  pages={597},
  year={2000}
}

@inproceedings{deAndrade2014,
author = {Andrade, Hugo and Almeida, Eduardo and Crnkovic, Ivica},
year = {2014},
month = {04},
pages = {},
title = {Architectural bad smells in Software Product Lines: An exploratory study},
journal = {ACM International Conference Proceeding Series},
doi = {10.1145/2578128.2578237}
}

@article{martin1994oometrics,
  title={OO design quality metrics},
  author={Martin, Robert C.},
  journal={An analysis of dependencies},
  volume={12},
  number={1},
  pages={151--170},
  year={1994}
}

@INPROCEEDINGS{macia2014codeanomalies,  author={I. {Macia} and R. {Arcoverde} and A. {Garcia} and C. {Chavez} and A. {von Staa}},  booktitle={2012 16th European Conference on Software Maintenance and Reengineering},   title={On the Relevance of Code Anomalies for Identifying Architecture Degradation Symptoms},   year={2012},  volume={},  number={},  pages={277-286},}

@INPROCEEDINGS{tufano2015whenwhy,  author={M. {Tufano} and F. {Palomba} and G. {Bavota} and R. {Oliveto} and M. {Di Penta} and A. {De Lucia} and D. {Poshyvanyk}},  booktitle={2015 IEEE/ACM 37th IEEE International Conference on Software Engineering},   title={When and Why Your Code Starts to Smell Bad},   year={2015},  volume={1},  number={},  pages={403-414},}

@inproceedings{arcelli2015codesmellrelations,
author = {Ferme, Vincenzo and Arcelli Fontana, Francesca and Zanoni, Marco},
year = {2015},
month = {05},
pages = {},
title = {Toward Assessing Software Architecture Quality by Exploiting Code Smell Relations},
doi = {10.1109/SAM.2015.8}
}

@INPROCEEDINGS{mihn2018architecturaldecay,  author={D. M. {Le} and D. {Link} and A. {Shahbazian} and N. {Medvidovic}},  booktitle={2018 IEEE International Conference on Software Architecture (ICSA)},   title={An Empirical Study of Architectural Decay in Open-Source Software},   year={2018},  volume={},  number={},  pages={176-17609},}

@ARTICLE{SoftwareEngPrincipi,  author={D. T. {Ross} and J. B. {Goodenough} and C. A. {Irvine}},  journal={Computer},   title={Software Engineering: Process, Principles, and Goals},   year={1975},  volume={8},  number={5},  pages={17-27},}

@incollection{SURYANARAYANA201521,
title = "Chapter 3 - Abstraction Smells",
editor = "Girish Suryanarayana and Ganesh Samarthyam and Tushar Sharma",
booktitle = "Refactoring for Software Design Smells",
publisher = "Morgan Kaufmann",
address = "Boston",
pages = "21 - 60",
year = "2015",
isbn = "978-0-12-801397-7",
doi = "https://doi.org/10.1016/B978-0-12-801397-7.00003-5",
url = "http://www.sciencedirect.com/science/article/pii/B9780128013977000035",
author = "Girish Suryanarayana and Ganesh Samarthyam and Tushar Sharma",
keywords = "Abstraction principle, Duplicate Abstraction, Enabling techniques for abstraction, Imperative Abstraction, Incomplete Abstraction, Missing Abstraction, Multifaceted Abstraction, Unnecessary Abstraction, Unutilized Abstraction"
}

@book{fowler2018refactoring,
  title={Refactoring: improving the design of existing code},
  author={Fowler, Martin and Beck, Kent},
  year={1999},
  publisher={Addison-Wesley Professional}
}

@INPROCEEDINGS{4812762,  author={J. {Garcia} and D. {Popescu} and G. {Edwards} and N. {Medvidovic}},  booktitle={2009 13th European Conference on Software Maintenance and Reengineering},   title={Identifying Architectural Bad Smells},   year={2009},  volume={},  number={},  pages={255-258},}

    
@article{brown1996pattern,
  title={Pattern Languages of Program Design, vol. 2},
  author={Brown, K and Whitenack, B},
  journal={Reading, MA: Addisson-Wesley},
  year={1996}
}

@book{lippert2006refactoring,
  title={Refactoring in Large Software Projects: Performing Complex Restructurings Successfully},
  author={Lippert, M. and Roock, S.},
  isbn={9780470858936},
  url={https://books.google.it/books?id=bCEYuB83ROcC},
  year={2006},
  publisher={Wiley}
}

@book{beck2003testdrivendev,
  title={Test-driven development: by example},
  author={Beck, Kent},
  year={2003},
  publisher={Addison-Wesley Professional}
}

@INPROCEEDINGS{SonargraphArticle,  author={A. {von Zitzewitz}},  booktitle={2019 IEEE/ACM International Conference on Technical Debt (TechDebt)},   title={Mitigating Technical and Architectural Debt with Sonargraph},   year={2019},  volume={},  number={},  pages={66-67},}

@INPROCEEDINGS{HotspotDetector,  author={R. {Mo} and Y. {Cai} and R. {Kazman} and L. {Xiao}},  booktitle={2015 12th Working IEEE/IFIP Conference on Software Architecture},   title={Hotspot Patterns: The Formal Definition and Automatic Detection of Architecture Smells},   year={2015},  volume={},  number={},  pages={51-60},}

@INPROCEEDINGS{Arcan2017,  author={F. A. {Fontana} and I. {Pigazzini} and R. {Roveda} and D. {Tamburri} and M. {Zanoni} and E. {Di Nitto}},  booktitle={2017 IEEE International Conference on Software Architecture Workshops (ICSAW)},   title={Arcan: A Tool for Architectural Smells Detection},   year={2017},  volume={},  number={},  pages={282-285},}

@INPROCEEDINGS{Arcan2018,  author={A. {Biaggi} and F. {Arcelli Fontana} and R. {Roveda}},  booktitle={2018 44th Euromicro Conference on Software Engineering and Advanced Applications (SEAA)},   title={An Architectural Smells Detection Tool for C and C++ Projects},   year={2018},  volume={},  number={},  pages={417-420},}

@INPROCEEDINGS{Garcia2009,  author={J. {Garcia} and D. {Popescu} and G. {Edwards} and N. {Medvidovic}},  booktitle={2009 13th European Conference on Software Maintenance and Reengineering},   title={Identifying Architectural Bad Smells},   year={2009},  volume={},  number={},  pages={255-258},}

@book{BaldwinClark_DesignRulesVolume1,
author = {Baldwin, Carliss and Clark, Kim},
year = {2000},
month = {01},
pages = {},
title = {Design Rules Volume I: The Power of Modularity},
volume = {1},
journal = {The Academy of Management Review},
doi = {10.2307/259400}
}


@book{martin2002agile,
  title={Agile software development: principles, patterns, and practices},
  author={Martin, Robert C.},
  year={2002},
  publisher={Prentice Hall}
}

@incollection{stal2014refactoring,
  title={Refactoring software architectures},
  author={Stal, Michael},
  booktitle={Agile Software Architecture},
  pages={63--82},
  year={2014},
  publisher={Elsevier}
}

@inproceedings{MasseyArchitectureExplorer,
author = {Dietrich, Jens},
title = {Upload Your Program, Share Your Model},
year = {2012},
isbn = {9781450315630},
publisher = {Association for Computing Machinery},
address = {New York, NY, USA},
url = {https://doi.org/10.1145/2384716.2384727},
doi = {10.1145/2384716.2384727},
abstract = {We demonstrate the Massey Architecture Explorer (MAE), a browser-based application to visualise and analyse the architecture of JVM applications. The MAE extracts a graph-based model from Java byte code, and visualises it using a force directed layout on an HTML5 canvas. A novel scalable algorithm is used to detect architectural antipatterns. The antipatterns detected focus on problems software architects face when trying to refactor applications into OSGi or similar dynamic component models.A unique feature of this system is that the state of the application is encoded in the URL ("URL memento"). These URLs can be shared and bookmarked, facilitating the sharing of architectural knowledge amongst software engineers.},
booktitle = {Proceedings of the 3rd Annual Conference on Systems, Programming, and Applications: Software for Humanity},
pages = {21–22},
numpages = {2},
keywords = {software as a service, software architecture recovery},
location = {Tucson, Arizona, USA},
series = {SPLASH '12}
}

@article{booch2008object,
  title={Object-oriented analysis and design with applications},
  author={Booch, Grady and Maksimchuk, Robert A and Engle, Michael W and Young, Bobbi J and Connallen, Jim and Houston, Kelli A},
  journal={ACM SIGSOFT software engineering notes},
  volume={33},
  number={5},
  pages={29--29},
  year={2008},
  publisher={ACM New York, NY, USA}
}

@article{arcelli2019dependency,
author = {Arcelli Fontana, Francesca and Lenarduzzi, Valentina and Roveda, Riccardo and Taibi, Davide},
year = {2019},
month = {04},
pages = {},
title = {Are Architectural Smells Independent from Code Smells? An Empirical Study},
volume = {154},
journal = {Journal of Systems and Software},
doi = {10.1016/j.jss.2019.04.066}
}

@INPROCEEDINGS{Arcade7180083,  author={D. M. {Le} and P. {Behnamghader} and J. {Garcia} and D. {Link} and A. {Shahbazian} and N. {Medvidovic}},  booktitle={2015 IEEE/ACM 12th Working Conference on Mining Software Repositories},   title={An Empirical Study of Architectural Change in Open-Source Software Systems},   year={2015},  volume={},  number={},  pages={235-245},}

%Spoon
@article{pawlak:hal-01169705,
  TITLE = "Spoon: A Library for Implementing Analyses and Transformations of Java Source Code",
  AUTHOR = {Pawlak, Renaud and Monperrus, Martin and Petitprez, Nicolas and Noguera, Carlos and Seinturier, Lionel},
  PAGES = {1155-1179},
  VOLUME = {46},
  URL = {https://hal.archives-ouvertes.fr/hal-01078532/document},
  YEAR = {2015},
  doi = {10.1002/spe.2346},
}

@INPROCEEDINGS{AzadiFontana,  author={U. {Azadi} and F. {Arcelli Fontana} and D. {Taibi}},  booktitle={2019 IEEE/ACM International Conference on Technical Debt (TechDebt)},   title={Architectural Smells Detected by Tools: a Catalogue Proposal},   year={2019},  volume={},  number={},  pages={88-97},}

@book{gamma1994design,
  title={Design Patterns: Elements of Reusable Object-Oriented Software},
  author={Gamma, E. and Helm, R. and Johnson, R. and Vlissides, J.},
  isbn={9780321700698},
  lccn={94034264},
  series={Addison-Wesley Professional Computing Series},
  url={https://books.google.it/books?id=6oHuKQe3TjQC},
  year={1994},
  publisher={Pearson Education}
}



