%Websites

%Progetti
@misc{accumulogithub,
    title = "Accumulo v2.0.0",
    howpublished = {\url{https://github.com/apache/accumulo/tree/rel/2.0.0}},
    note = {Ultimo accesso 08/2020}}

@misc{beamgithub,
    title = "Beam v2.20.0",
    howpublished = {\url{https://github.com/apache/beam}},
    note = {Ultimo accesso 08/2020}}
 
@misc{bookkeepergithub,
    title = "Bookkeeper v4.10.0",
    howpublished = {\url{https://github.com/apache/bookkeeper/tree/release-4.10.0}},
    note = {Ultimo accesso 08/2020}}
 
@misc{cassandragithub,
    title = "Cassandra v3.11.6",
    howpublished = {\url{https://github.com/apache/cassandra}},
    note = {Ultimo accesso 08/2020}}

@misc{druidgithub,
    title = "Druid v0.18.0",
    howpublished = {\url{https://github.com/apache/druid}},
    note = {Ultimo accesso 08/2020}}
 
@misc{flinkgithub,
    title = "Flink v1.10.0",
    howpublished = {\url{https://github.com/apache/flink/tree/release-1.10}},
    note = {Ultimo accesso 08/2020}}
 
@misc{geodegithub,
    title = "Geode v1.12.0",
    howpublished = {\url{https://github.com/apache/geode}},
    note = {Ultimo accesso 08/2020}}
 
@misc{kafkagithub,
    title = "Kafka v2.5.0",
    howpublished = {\url{https://github.com/apache/kafka/tree/2.5.0}},
    note = {Ultimo accesso 08/2020}}
 
@misc{skywalkinggithub,
    title = "Skywalking v7.0.0",
    howpublished = {\url{https://github.com/apache/skywalking/tree/v7.0.0}},
    note = {Ultimo accesso 08/2020}}

@misc{zookeepergithub,
    title = "Zookeeper v3.6.0",
    howpublished = {\url{https://github.com/apache/zookeeper/tree/release-3.6.0}},
    note = {Ultimo accesso 08/2020}}


%Altro
@misc{github,
    title="GitHub",
    howpublished= {\url{https://github.com}}}

@misc{yagniFowler,
    author = {Martin Fowler},
    title = "{You Aren't Gonna Need It (YAGNI) Principle}",
    howpublished = {\url{https://www.martinfowler.com/bliki/Yagni.html#footnote-origin}},
    note = {Ultimo accesso 09/2020}}

@misc{ESSeREwebsite,
    author = "{ESSeRE Lab}",
    title = "{Evolution of Software SystEms and Reverse Engineering Lab}",
    howpublished = {\url{https://essere.disco.unimib.it}},
    note = {Ultimo accesso 09/2020}}
    
@misc{ApahceTinkerpop,
    author = "{Apache Software Foundation}",
    title="{Apache Tinkerpop}",
    howpublished = {\url{https://tinkerpop.apache.org}},
    note = {Ultimo accesso 09/2020}}

@misc{apache,
    author = "{Apache Software Foundation}",
    title= "{Apache website}",
    howpublished = {\url{https://www.apache.org/}},
    note = {Ultimo accesso 09/2020}}

@misc{javadocWebsite,
    author = "{Sun Microsystems}",
    title="{Java Documentation}",
    howpublished= {\url{https://docs.oracle.com/javase/7/docs/api/}},
    note = {Ultimo accesso 09/2020}}
    
@misc{intelliJ,
    author="{Jetbrains}",
    title="{Intellij IDEA}",
    howpublished= {\url{https://www.jetbrains.com/idea/}}}
    
@misc{JunitWebsite,
    title="Junit 5",
    howpublished = {\url{https://junit.org/junit5/}}}
    
@misc{Neo4JWebsite,
    author="{Neo Technology, Inc.}",
    title="{Neo 4J Graph Platform}",
    howpublished = {\url{https://neo4j.com}}}
    
@misc{Cypher,
    author="{Neo Technology, Inc.}",
    title="{Cypher Query Language}",
    howpublished = {\url{https://neo4j.com/developer/cypher/}}}
    
@misc{JsoniterWebsite,
    title="{Jsoniter}",
    howpublished = {\url{http://jsoniter.com/java-features.html}}}

@misc{designiteGithub,
    title = "{Designite GitHub repository}",
    howpublished = {\url{https://github.com/tushartushar/DesigniteJava}
    }}
    
%tools
@misc{STAN,
author="{Bugan IT Consulting UG}",
    title = "{STAN - Static Analizer for Java}",
    howpublished = {\url{http://stan4j.com/}},
    note = {Ultimo accesso 07/2020}}
    
@misc{AIReviewer,
    author="{Logarix}",
    title= "{AI Reviewer}",
    howpublished = {\url{http://www.aireviewer.com/doc/}},
    note = {Ultimo accesso 07/2020}}
    
@misc{sonargraph,
author = "{hello2morrow}",
    title= "Sonargraph",
    howpublished = {\url{https://www.hello2morrow.com/products/sonargraph}},
    note = {Ultimo accesso 07/2020}}

@misc{structure101,
author="{Headway Software Technologies Ltd.}",
    title = "Structure101",
    howpublished = {\url{https://structure101.com/help/java/studio/#intro/welcome-studio.html\%3FTocPath\%3DStudio\%7C_____0}}}